@inproceedings{SM,
      author         = "Buchmuller, W. and Ludeling, C.",
      title          = "{Field Theory and Standard Model}",
      booktitle      = "{High-energy physics. Proceedings, European School,
                        Kitzbuehel, Austria, August 21-September, 2005}",
      url            = "https://inspirehep.net/record/726283/files/arXiv:hep-ph_0609174.pdf",
      year           = "2006",
      eprint         = "hep-ph/0609174",
      archivePrefix  = "arXiv",
      primaryClass   = "hep-ph",
      reportNumber   = "DESY-06-151",
      SLACcitation   = "%%CITATION = HEP-PH/0609174;%%"
}


@article{SPIN,
      author         = "Forte, S.",
      title          = "{Spin in quantum field theory}",
      booktitle      = "{Modern Aspects of Spin Physics. Proceedings, Winter
                        School in Theoretical Physics, 43. Internationale
                        Universitätswochen für Theoretische Physik, IUTP 2005:
                        Schladming, Austria, February 26-March 4, 2005}",
      journal        = "Lect. Notes Phys.",
      volume         = "712",
      year           = "2007",
      pages          = "67-94",
      doi            = "10.1007/3-540-38592-4_3",
      eprint         = "hep-th/0507291",
      archivePrefix  = "arXiv",
      primaryClass   = "hep-th",
      reportNumber   = "IFUM-844-FT",
      SLACcitation   = "%%CITATION = HEP-TH/0507291;%%"
}


@article{SPINOR,
      author         = "Aste, Andreas",
      title          = "{Weyl, Majorana and Dirac fields from a unified
                        perspective}",
      journal        = "Symmetry",
      volume         = "8",
      year           = "2016",
      number         = "9",
      pages          = "87",
      doi            = "10.3390/sym8090087",
      eprint         = "1605.00146",
      archivePrefix  = "arXiv",
      primaryClass   = "hep-th",
      SLACcitation   = "%%CITATION = ARXIV:1605.00146;%%"
}

@inproceedings{QCD,
      author         = "Ecker, Gerhard",
      title          = "{Quantum chromodynamics}",
      booktitle      = "{High-energy physics. Proceedings, European School,
                        Kitzbuehel, Austria, August 21-September, 2005}",
      year           = "2006",
      eprint         = "hep-ph/0604165",
      archivePrefix  = "arXiv",
      primaryClass   = "hep-ph",
      reportNumber   = "UWTHPH-2006-9",
      SLACcitation   = "%%CITATION = HEP-PH/0604165;%%"
}

@inproceedings{EWK,
      author         = "Pich, A.",
      title          = "{The Standard model of electroweak interactions}",
      booktitle      = "{2004 European School of High-Energy Physics, Sant Feliu
                        de Guixols, Spain, 30 May - 12 June 2004}",
      url            = "http://doc.cern.ch/yellowrep/2006/2006-003/p1.pdf",
      year           = "2005",
      pages          = "1-48",
      eprint         = "hep-ph/0502010",
      archivePrefix  = "arXiv",
      primaryClass   = "hep-ph",
      reportNumber   = "IFIC-05-13, FTUV-05-0201",
      SLACcitation   = "%%CITATION = HEP-PH/0502010;%%"
}

@article{NOTHERTHEOREM,
      author         = "Bañados, Máximo and Reyes, Ignacio A.",
      title          = "{A short review on Noether’s theorems, gauge symmetries
                        and boundary terms}",
      journal        = "Int. J. Mod. Phys.",
      volume         = "D25",
      year           = "2016",
      number         = "10",
      pages          = "1630021",
      doi            = "10.1142/S0218271816300214",
      eprint         = "1601.03616",
      archivePrefix  = "arXiv",
      primaryClass   = "hep-th",
      SLACcitation   = "%%CITATION = ARXIV:1601.03616;%%"
}
